@inproceedings{alecci2021development,
  title={Development of an IR System for Argument Search.},
  author={Alecci, Marco and Baldo, Tommaso and Martinelli, Luca and Ziroldo, Elia},
  booktitle={CLEF (Working Notes)},
  pages={2302--2318},
  year={2021}
}